@inproceedings{synergy,
   author = {Michael D. Ernst},
   title = {Static and dynamic analysis: Synergy and duality},
   booktitle = {WODA 2003: ICSE Workshop on Dynamic Analysis},
   pages = {24--27},
   address = {Portland, OR},
   month = {May~9,},
   year = {2003}
}

@inproceedings{FlowDroid,
 author = {Arzt, Steven and Rasthofer, Siegfried and Fritz, Christian and Bodden, Eric and Bartel, Alexandre and Klein, Jacques and Le Traon, Yves and Octeau, Damien and McDaniel, Patrick},
 title = {FlowDroid: Precise Context, Flow, Field, Object-sensitive and Lifecycle-aware Taint Analysis for Android Apps},
 booktitle = {Proceedings of the 35th ACM SIGPLAN Conference on Programming Language Design and Implementation},
 series = {PLDI '14},
 year = {2013},
 isbn = {978-1-4503-2784-8},
 location = {Edinburgh, United Kingdom},
 pages = {259--269},
 numpages = {11},
 doi = {10.1145/2594291.2594299},
 acmid = {2594299},
 publisher = {ACM},
 address = {New York, NY, USA},
}

@misc {DroidBench,
  title={DroidBench, an open test suite for evaluating the effectiveness of taint-analysis},
  howpublished={\url{https://github.com/secure-software-engineering/DroidBench}},
}

@inproceedings {ScrubDroid,
  author = "Golam Sarwar and Olivier Mehani and Roksana Boreli and Dali Kaafar",
  month = "July",
  booktitle = "Proceedings of the 10th International Conference on Security and Cryptography",
  year = "2013",
  pages = "461--467",
  title = "On the Effectiveness of Dynamic Taint Analysis for Protecting Against Private Information Leaks on Android-based Devices",
}

@misc{ScrubDroid-link,
  title = {ScrubDroid/AntiTaintDroid project},
  howpublished={\url{http://gsbabil.github.io/AntiTaintDroid/}},
}

@inproceedings{cggen,
 author = {Ali, Karim and Lhot\'{a}k, Ond\v{r}ej},
 title = {Application-Only Call Graph Construction},
 booktitle = {Proceedings of the 26th European Conference on Object-Oriented Programming},
 series = {ECOOP'12},
 year = {2012},
 isbn = {978-3-642-31056-0},
 location = {Beijing, China},
 pages = {688--712},
 numpages = {25},
 doi = {10.1007/978-3-642-31057-7_30},
 acmid = {2367205},
 publisher = {Springer-Verlag},
 address = {Berlin, Heidelberg},
}

@misc{dex2jar,
  title={dex2jar: Tools to work with android .dex and java .class files},
  howpublished={\url{https://code.google.com/p/dex2jar/}},
}

@misc{ourRef,
  title = {Android Malware Analysis Report Collection},
  howpublished={\url{https://github.com/mingyuan-xia/AppAudit/wiki/Android-Malware-Analysis-Report-Collection}},
}

@misc{pleaserobme,
  title = {Raising awareness about over-sharing},
  howpublished={\url{http://pleaserobme.com/}},
}

@misc{appverify,
  title = {An Evaluation of the Application Verification Service in Android 4.2},
  howpublished={\url{http://www.cs.ncsu.edu/faculty/jiang/appverify/}},
}

@misc{wunderground-pp,
  title = {Weather Underground Android App Privacy Policy},
  howpublished={\url{http://www.wunderground.com/privacy.asp}},
}

@article{prefix,
 author = {Bush, William R. and Pincus, Jonathan D. and Sielaff, David J.},
 title = {A Static Analyzer for Finding Dynamic Programming Errors},
 journal = {Softw. Pract. Exper.},
 issue_date = {June 2000},
 volume = {30},
 number = {7},
 month = jun,
 year = {2000},
 issn = {0038-0644},
 pages = {775--802},
 numpages = {28},
 doi = {10.1002/(SICI)1097-024X(200006)30:7<775::AID-SPE309>3.0.CO;2-H},
 acmid = {348428},
 publisher = {John Wiley \& Sons, Inc.},
 address = {New York, NY, USA},
 keywords = {program analysis, program error checking},
}

@misc{APKParser,
 title = {XML APK Parser},
 howpublished={\url{https://code.google.com/p/xml-apk-parser/}},
}

@inproceedings{objRepresentation,
 author = {Gorbovitski, Michael and Liu, Yanhong A. and Stoller, Scott D. and Rothamel, Tom and Tekle, Tuncay K.},
 title = {Alias Analysis for Optimization of Dynamic Languages},
 booktitle = {Proceedings of the 6th Symposium on Dynamic Languages},
 series = {DLS '10},
 year = {2010},
 isbn = {978-1-4503-0405-4},
 location = {Reno/Tahoe, Nevada, USA},
 pages = {27--42},
 numpages = {16},
 doi = {10.1145/1869631.1869635},
 acmid = {1869635},
 publisher = {ACM},
 address = {New York, NY, USA},
 keywords = {alias analysis, dynamic languages, optimization, type analysis},
}

@inproceedings{BitBlaze,
 author = {Song, Dawn and Brumley, David and Yin, Heng and Caballero, Juan and Jager, Ivan and Kang, Min Gyung and Liang, Zhenkai and Newsome, James and Poosankam, Pongsin and Saxena, Prateek},
 title = {BitBlaze: A New Approach to Computer Security via Binary Analysis},
 booktitle = {Proceedings of the 4th International Conference on Information Systems Security},
 series = {ICISS '08},
 year = {2008},
 isbn = {978-3-540-89861-0},
 location = {Hyderabad, India},
 pages = {1--25},
 numpages = {25},
 doi = {10.1007/978-3-540-89862-7_1},
 acmid = {1496257},
 publisher = {Springer-Verlag},
 address = {Berlin, Heidelberg},
 keywords = {Binary analysis, malware analysis and defense, reverse engineering, vulnerability analysis and defense},
}

@misc{flashlight-news,
  title={Free apps used to spy on millions of phones: Flashlight program can be used to secretly record location of phone and content of text messages},
  howpublished={\url{http://www.dailymail.co.uk/news/article-2808007/Free-apps-used-spy-millions-phones-Flashlight-program-used-secretly-record-location-phone-content-text-messages.html}},
}

@inproceedings{taint-wiki,
 author = {Schwartz, Edward J. and Avgerinos, Thanassis and Brumley, David},
 title = {All You Ever Wanted to Know About Dynamic Taint Analysis and Forward Symbolic Execution (but Might Have Been Afraid to Ask)},
 booktitle = {Proceedings of the 2010 IEEE Symposium on Security and Privacy},
 series = {SP '10},
 year = {2010},
 isbn = {978-0-7695-4035-1},
 pages = {317--331},
 numpages = {15},
 doi = {10.1109/SP.2010.26},
 acmid = {1849981},
 publisher = {IEEE Computer Society},
 address = {Washington, DC, USA},
 keywords = {taint analysis, symbolic execution, dynamic analysis},
}

@inproceedings{AdDroid,
 author = {Pearce, Paul and Felt, Adrienne Porter and Nunez, Gabriel and Wagner, David},
 title = {AdDroid: Privilege Separation for Applications and Advertisers in Android},
 booktitle = {Proceedings of the 7th ACM Symposium on Information, Computer and Communications Security},
 series = {ASIACCS '12},
 year = {2012},
 isbn = {978-1-4503-1648-4},
 location = {Seoul, Korea},
 pages = {71--72},
 numpages = {2},
 doi = {10.1145/2414456.2414498},
 acmid = {2414498},
 publisher = {ACM},
 address = {New York, NY, USA},
}

@inproceedings{pp-apps,
 author = {Huang, Yan and Chapman, Peter and Evans, David},
 title = {Privacy-preserving Applications on Smartphones},
 booktitle = {Proceedings of the 6th USENIX Conference on Hot Topics in Security},
 series = {HotSec'11},
 year = {2011},
 location = {San Francisco, CA},
 pages = {4--4},
 numpages = {1},
 acmid = {2028044},
 publisher = {USENIX Association},
 address = {Berkeley, CA, USA},
}

@inproceedings{piBox,
  author    = {Sangmin Lee and
               Edmund L. Wong and
               Deepak Goel and
               Mike Dahlin and
               Vitaly Shmatikov},
  title     = {{\(\pi\)}Box: {A} Platform for Privacy-Preserving Apps},
  booktitle = {Proceedings of the 10th {USENIX} Symposium on Networked Systems Design
               and Implementation},
  series    = {NSDI '13},
  year      = {2013},
  pages     = {501--514},
  timestamp = {Mon, 10 Nov 2014 22:51:48 +0100},
  biburl    = {http://dblp.uni-trier.de/rec/bib/conf/nsdi/LeeWGDS13},
  bibsource = {dblp computer science bibliography, http://dblp.org}
}

@inproceedings{firedroid,
 author = {Russello, Giovanni and Jimenez, Arturo Blas and Naderi, Habib and van der Mark, Wannes},
 title = {FireDroid: Hardening Security in Almost-stock Android},
 booktitle = {Proceedings of the 29th Annual Computer Security Applications Conference},
 series = {ACSAC '13},
 year = {2013},
 isbn = {978-1-4503-2015-3},
 location = {New Orleans, Louisiana},
 pages = {319--328},
 numpages = {10},
 doi = {10.1145/2523649.2523678},
 acmid = {2523678},
 publisher = {ACM},
 address = {New York, NY, USA},
 keywords = {Android security enhancement, policy-based security, system call interposition},
}

@inproceedings{enck:androidsec,
 author = {Enck, William and Octeau, Damien and McDaniel, Patrick and Chaudhuri, Swarat},
 title = {A Study of Android Application Security},
 booktitle = {Proceedings of the 20th USENIX Conference on Security},
 series = {SEC'11},
 year = {2011},
 location = {San Francisco, CA},
 pages = {21--21},
 numpages = {1},
 url = {http://dl.acm.org/citation.cfm?id=2028067.2028088},
 acmid = {2028088},
 publisher = {USENIX Association},
 address = {Berkeley, CA, USA},
} 


@inproceedings{Aurasium,
 author = {Xu, Rubin and Sa\"{\i}di, Hassen and Anderson, Ross},
 title = {Aurasium: Practical Policy Enforcement for Android Applications},
 booktitle = {Proceedings of the 21st USENIX Conference on Security Symposium},
 series = {SEC'12},
 year = {2012},
 location = {Bellevue, WA},
 pages = {27--27},
 numpages = {1},
 acmid = {2362820},
 publisher = {USENIX Association},
 address = {Berkeley, CA, USA},
}

@inproceedings{mac-android,
 author = {Bugiel, Sven and Heuser, Stephan and Sadeghi, Ahmad-Reza},
 title = {Flexible and Fine-grained Mandatory Access Control on Android for Diverse Security and Privacy Policies},
 booktitle = {Proceedings of the 22Nd USENIX Conference on Security},
 series = {SEC'13},
 year = {2013},
 isbn = {978-1-931971-03-4},
 location = {Washington, D.C.},
 pages = {131--146},
 numpages = {16},
 acmid = {2534778},
 publisher = {USENIX Association},
 address = {Berkeley, CA, USA},
}

@inproceedings{Wang:2014:CEC:2557547.2557560,
 author = {Wang, Yifei and Hariharan, Srinivas and Zhao, Chenxi and Liu, Jiaming and Du, Wenliang},
 title = {Compac: Enforce Component-level Access Control in Android},
 booktitle = {Proceedings of the 4th ACM Conference on Data and Application Security and Privacy},
 series = {CODASPY '14},
 year = {2014},
 isbn = {978-1-4503-2278-2},
 location = {San Antonio, Texas, USA},
 pages = {25--36},
 numpages = {12},
 doi = {10.1145/2557547.2557560},
 acmid = {2557560},
 publisher = {ACM},
 address = {New York, NY, USA},
 keywords = {android, component permission, dalvik, privilege separation},
}

@inproceedings{AFrame,
 author = {Zhang, Xiao and Ahlawat, Amit and Du, Wenliang},
 title = {AFrame: Isolating Advertisements from Mobile Applications in Android},
 booktitle = {Proceedings of the 29th Annual Computer Security Applications Conference},
 series = {ACSAC '13},
 year = {2013},
 isbn = {978-1-4503-2015-3},
 location = {New Orleans, Louisiana},
 pages = {9--18},
 numpages = {10},
 doi = {10.1145/2523649.2523652},
 acmid = {2523652},
 publisher = {ACM},
 address = {New York, NY, USA},
}

@misc{callbacks,
  title={Android callbacks (FlowDroid project)},
  howpublished={\url{https://github.com/secure-software-engineering/soot-infoflow-android/blob/develop/AndroidCallbacks.txt}},
}

@misc{dalvik,
  title={Android Dynamic Java Virtual Machine: Bytecode instruction set},
  howpublished={\url{https://source.android.com/devices/tech/dalvik/dalvik-bytecode.html}},
}

@misc{proguard,
  title={Introduction to ProGuard},
  howpublished={\url{http://proguard.sourceforge.net/index.html}},
}

@misc{BeanBot1,
  title={Security Alert: New BeanBot SMS Trojan Discovered},
  howpublished={\url{http://www.csc.ncsu.edu/faculty/jiang/BeanBot/}},
  author = {Xuxian Jiang},
}

@misc{BeanBot2,
  title={BeanBot analysis report},
  howpublished={\url{https://github.com/mingyuan-xia/AppAudit/wiki/BeanBot-analysis-report}},
  author = {Lu Gong, Mingyuan Xia}
}
