@misc{idc-marketshare,
 title = {Smartphone OS Market Share, 2016 Q2},
 howpublished = {\url{http://www.idc.com/prodserv/smartphone-os-market-share.jsp}},
}

@misc{proguard-opt,
  title={Introduction of ProGuard Optimization},
  howpublished={\url{http://proguard.sourceforge.net/manual/usage.html#obfuscationoptions}},
}

@misc{java-lang-spec,
 title = {The Java Language Specification},
 howpublished = {\url{https://docs.oracle.com/javase/specs/jls/se8/html/index.html}},
}

@misc{smalisca,
 title = {Smalisca: Static Code Analysis for Smali},
 howpublished = {\url{https://github.com/dorneanu/smalisca}},
}

@misc{gson,
 title = {GSON: A Java serialization/deserialization library that can convert Java Objects into JSON and back},
 howpublished = {\url{https://github.com/google/gson}},
}

@misc{retrofit,
 title = {Retrofit: A type-safe HTTP client for Android and Java},
 howpublished = {\url{https://square.github.io/retrofit/}},
}

@misc{okhttp,
 title = {OkHttp: An HTTP \& HTTP/2 client for Android and Java applications},
 howpublished = {\url{http://square.github.io/okhttp/}},
}
@misc{okio,
 title = {Okio: A new library that complements java.io and java.nio},
 howpublished = {\url{https://github.com/square/okio}},
 year = {2016}
}

@inproceedings{backes2016reliable,
  title={Reliable Third-Party Library Detection in Android and its Security Applications},
  author={Backes, Michael and Bugiel, Sven and Derr, Erik},
  booktitle={Proc. 23rd ACM Conference on Computer and Communication Security (CCS¡¯16), ACM},
  year={2016},
}

@inproceedings{ma2016libradar,
  title={LibRadar: fast and accurate detection of third-party libraries in Android apps},
  author={Ma, Ziang and Wang, Haoyu and Guo, Yao and Chen, Xiangqun},
  booktitle={Proceedings of the 38th International Conference on Software Engineering Companion},
  pages={653--656},
  year={2016},
  organization={ACM},
}

@inproceedings{Fsquadra_Zhauniarovich2014,
    author = {Zhauniarovich, Yury and Gadyatskaya, Olga and Crispo, Bruno and La Spina, Francesco and Moser, Ermanno},
    title = {{FSquaDRA: Fast Detection of Repackaged Applications}},
    booktitle = {Proceedings of the 28th Annual IFIP WG 11.3 Working Conference on Data and Applications Security and Privacy},
    series = {DBSec '14},
    pages = {131--146},
    year = {2014},
}

@inproceedings{Zhou:2013:FSD:2435349.2435377,
 author = {Zhou, Wu and Zhou, Yajin and Grace, Michael and Jiang, Xuxian and Zou, Shihong},
 title = {Fast, Scalable Detection of "Piggybacked" Mobile Applications},
 booktitle = {Proceedings of the Third ACM Conference on Data and Application Security and Privacy},
 series = {CODASPY '13},
 year = {2013},
 isbn = {978-1-4503-1890-7},
 location = {San Antonio, Texas, USA},
 pages = {185--196},
 numpages = {12},
 url = {http://doi.acm.org/10.1145/2435349.2435377},
 doi = {10.1145/2435349.2435377},
 acmid = {2435377},
 publisher = {ACM},
 address = {New York, NY, USA},
 keywords = {app repackaging, mobile application, piggybacked application, smartphone security},
}
@inproceedings{hanna2012juxtapp,
  title={Juxtapp: A scalable system for detecting code reuse among android applications},
  author={Hanna, Steve and Huang, Ling and Wu, Edward and Li, Saung and Chen, Charles and Song, Dawn},
  booktitle={International Conference on Detection of Intrusions and Malware, and Vulnerability Assessment},
  pages={62--81},
  year={2012},
  organization={Springer},
}

@inproceedings{crussell2012attack,
  title={Attack of the clones: Detecting cloned applications on android markets},
  author={Crussell, Jonathan and Gibler, Clint and Chen, Hao},
  booktitle={European Symposium on Research in Computer Security},
  pages={37--54},
  year={2012},
  organization={Springer},
}

@inproceedings{crussell2013scalable,
  title={Scalable semantics-based detection of similar android applications},
  author={Crussell, Jonathan and Gibler, Clint and Chen, Hao},
  booktitle={Proc. of Esorics},
  volume={13},
  year={2013},
  organization={Citeseer},
}

@inproceedings{grace2012unsafe,
  title={Unsafe exposure analysis of mobile in-app advertisements},
  author={Grace, Michael C and Zhou, Wu and Jiang, Xuxian and Sadeghi, Ahmad-Reza},
  booktitle={Proceedings of the fifth ACM conference on Security and Privacy in Wireless and Mobile Networks},
  pages={101--112},
  year={2012},
  organization={ACM}
}

@article{book2013longitudinal,
  title={Longitudinal analysis of android ad library permissions},
  author={Book, Theodore and Pridgen, Adam and Wallach, Dan S},
  journal={arXiv preprint arXiv:1303.0857},
  year={2013}
}

@inproceedings{chen2014achieving,
  title={Achieving accuracy and scalability simultaneously in detecting application clones on android markets},
  author={Chen, Kai and Liu, Peng and Zhang, Yingjun},
  booktitle={Proceedings of the 36th International Conference on Software Engineering},
  pages={175--186},
  year={2014},
  organization={ACM}
}

@inproceedings{Wang:2015:WSA:2771783.2771795,
 author = {Wang, Haoyu and Guo, Yao and Ma, Ziang and Chen, Xiangqun},
 title = {WuKong: A Scalable and Accurate Two-phase Approach to Android App Clone Detection},
 booktitle = {Proceedings of the 2015 International Symposium on Software Testing and Analysis},
 series = {ISSTA 2015},
 year = {2015},
 isbn = {978-1-4503-3620-8},
 location = {Baltimore, MD, USA},
 pages = {71--82},
 numpages = {12},
 url = {http://doi.acm.org/10.1145/2771783.2771795},
 doi = {10.1145/2771783.2771795},
 acmid = {2771795},
 publisher = {ACM},
 address = {New York, NY, USA},
 keywords = {Android, Clone detection, mobile applications, repackaging, third-party library},
} 


